@article{kirby,
  title={Multi-parametric neuroimaging reproducibility: a 3-T resource study},
  author={Landman, Bennett A and Huang, Alan J and Gifford, Aliya and Vikram, Deepti S and Lim, Issel Anne L and Farrell, Jonathan AD and Bogovic, John A and Hua, Jun and Chen, Min and Jarso, Samson and others},
  journal={Neuroimage},
  volume={54},
  number={4},
  pages={2854--2866},
  year={2011},
  publisher={Elsevier}
}

@article{ants,
  title={A reproducible evaluation of ANTs similarity metric performance in brain image registration},
  author={Avants, Brian B and Tustison, Nicholas J and Song, Gang and Cook, Philip A and Klein, Arno and Gee, James C},
  journal={Neuroimage},
  volume={54},
  number={3},
  pages={2033--2044},
  year={2011},
  publisher={Elsevier}
}


@article{oro,
  title={Working with the DICOM and NIfTI Data Standards in R},
  author={Whitcher, Brandon and Schmid, Volker J and Thornton, Andrew},
  journal={Journal of Statistical Software},
  volume={44},
  number={6},
  pages={1--28},
  year={2011}
}

@article{fslr,
  title={fslr: Connecting the FSL Software with R},
  author={Muschelli, John and Sweeney, Elizabeth and Lindquist, Martin and Crainiceanu, Ciprian},
  journal={The R Journal},
  volume={7},
  number={1},
  pages={163--175},
  year={2015}
}

@article{r,
  title={R: A language and environment for statistical computing},
  author={Team, R Core and others},
  year={2013},
  publisher={Vienna, Austria}
}

@article{gorgolewski2011nipype,
  title={Nipype: a flexible, lightweight and extensible neuroimaging data processing framework in python},
  author={Gorgolewski, Krzysztof and Burns, Christopher D and Madison, Cindee and Clark, Dav and Halchenko, Yaroslav O and Waskom, Michael L and Ghosh, Satrajit S},
  journal={Frontiers in neuroinformatics},
  volume={5},
  pages={13},
  year={2011},
  publisher={Frontiers}
}

@article{carp2012secret,
  title={The secret lives of experiments: methods reporting in the fMRI literature},
  author={Carp, Joshua},
  journal={Neuroimage},
  volume={63},
  number={1},
  pages={289--300},
  year={2012},
  publisher={Elsevier}
}

@article{bioc1,
  title={Bioconductor: open software development for computational biology and bioinformatics},
  author={Gentleman, Robert C and Carey, Vincent J and Bates, Douglas M and Bolstad, Ben and Dettling, Marcel and Dudoit, Sandrine and Ellis, Byron and Gautier, Laurent and Ge, Yongchao and Gentry, Jeff and others},
  journal={Genome biology},
  volume={5},
  number={10},
  pages={1},
  year={2004},
  publisher={BioMed Central}
}

@article{bioc2,
  title={Orchestrating high-throughput genomic analysis with Bioconductor},
  author={Huber, Wolfgang and Carey, Vincent J and Gentleman, Robert and Anders, Simon and Carlson, Marc and Carvalho, Benilton S and Bravo, Hector Corrada and Davis, Sean and Gatto, Laurent and Girke, Thomas and others},
  journal={Nature methods},
  volume={12},
  number={2},
  pages={115--121},
  year={2015},
  publisher={Nature Publishing Group}
}

@inproceedings{camino,
  title={Camino: open-source diffusion-MRI reconstruction and processing},
  author={Cook, PA and Bai, Y and Nedjati-Gilani, SKKS and Seunarine, KK and Hall, MG and Parker, GJ and Alexander, DC},
  booktitle={14th scientific meeting of the international society for magnetic resonance in medicine},
  volume={2759},
  year={2006},
  organization={Seattle WA, USA}
}


@article{eve,
  title={Atlas-based whole brain white matter analysis using large deformation diffeomorphic metric mapping: application to normal elderly and Alzheimer's disease participants},
  author={Oishi, Kenichi and Faria, Andreia and Jiang, Hangyi and Li, Xin and Akhter, Kazi and Zhang, Jiangyang and Hsu, John T and Miller, Michael I and van Zijl, Peter CM and Albert, Marilyn and others},
  journal={Neuroimage},
  volume={46},
  number={2},
  pages={486--499},
  year={2009},
  publisher={Elsevier}
}

@article{freesurfer,
  title={FreeSurfer},
  author={Fischl, Bruce},
  journal={Neuroimage},
  volume={62},
  number={2},
  pages={774--781},
  year={2012},
  publisher={Elsevier}
}

@article{afni,
  title={AFNI: software for analysis and visualization of functional magnetic resonance neuroimages},
  author={Cox, Robert W},
  journal={Computers and Biomedical research},
  volume={29},
  number={3},
  pages={162--173},
  year={1996},
  publisher={Elsevier}
}

@article{fsl,
  title={Advances in functional and structural MR image analysis and implementation as FSL},
  author={Smith, Stephen M and Jenkinson, Mark and Woolrich, Mark W and Beckmann, Christian F and Behrens, Timothy EJ and Johansen-Berg, Heidi and Bannister, Peter R and De Luca, Marilena and Drobnjak, Ivana and Flitney, David E and others},
  journal={Neuroimage},
  volume={23},
  pages={S208--S219},
  year={2004},
  publisher={Elsevier}
}

@book{spm,
  title={Statistical parametric mapping: the analysis of functional brain images},
  author={Penny, William D and Friston, Karl J and Ashburner, John T and Kiebel, Stefan J and Nichols, Thomas E},
  year={2011},
  publisher={Academic press}
}

@article{hcp,
  title={The WU-Minn human connectome project: an overview},
  author={Van Essen, David C and Smith, Stephen M and Barch, Deanna M and Behrens, Timothy EJ and Yacoub, Essa and Ugurbil, Kamil and WU-Minn HCP Consortium and others},
  journal={Neuroimage},
  volume={80},
  pages={62--79},
  year={2013},
  publisher={Elsevier}
}

@article{hcpminimal,
  title={The minimal preprocessing pipelines for the Human Connectome Project},
  author={Glasser, Matthew F and Sotiropoulos, Stamatios N and Wilson, J Anthony and Coalson, Timothy S and Fischl, Bruce and Andersson, Jesper L and Xu, Junqian and Jbabdi, Saad and Webster, Matthew and Polimeni, Jonathan R and others},
  journal={Neuroimage},
  volume={80},
  pages={105--124},
  year={2013},
  publisher={Elsevier}
}



@article{oasis,
  title={OASIS is Automated Statistical Inference for Segmentation, with applications to multiple sclerosis lesion segmentation in MRI},
  author={Sweeney, Elizabeth M and Shinohara, Russell T and Shiee, Navid and Mateen, Farrah J and Chudgar, Avni A and Cuzzocreo, Jennifer L and Calabresi, Peter A and Pham, Dzung L and Reich, Daniel S and Crainiceanu, Ciprian M},
  journal={NeuroImage: clinical},
  volume={2},
  pages={402--413},
  year={2013},
  publisher={Elsevier}
}


@article{sublime,
  title={Automatic lesion incidence estimation and detection in multiple sclerosis using multisequence longitudinal MRI},
  author={Sweeney, EM and Shinohara, RT and Shea, CD and Reich, DS and Crainiceanu, CM},
  journal={American Journal of Neuroradiology},
  volume={34},
  number={1},
  pages={68--73},
  year={2013},
  publisher={Am Soc Neuroradiology}
}

@article{whitestripe,
  title={Statistical normalization techniques for magnetic resonance imaging},
  author={Shinohara, Russell T and Sweeney, Elizabeth M and Goldsmith, Jeff and Shiee, Navid and Mateen, Farrah J and Calabresi, Peter A and Jarso, Samson and Pham, Dzung L and Reich, Daniel S and Crainiceanu, Ciprian M and others},
  journal={NeuroImage: Clinical},
  volume={6},
  pages={9--19},
  year={2014},
  publisher={Elsevier}
}

@article{ravel,
  title={Removing inter-subject technical variability in magnetic resonance imaging studies},
  author={Fortin, Jean-Philippe and Sweeney, Elizabeth M and Muschelli, John and Crainiceanu, Ciprian M and Shinohara, Russell T and Alzheimer's Disease Neuroimaging Initiative and others},
  journal={NeuroImage},
  volume={132},
  pages={198--212},
  year={2016},
  publisher={Elsevier}
}


