@article{gentleman2004bioconductor,
  title={Bioconductor: open software development for computational biology and bioinformatics},
  author={Gentleman, Robert C and Carey, Vincent J and Bates, Douglas M and Bolstad, Ben and Dettling, Marcel and Dudoit, Sandrine and Ellis, Byron and Gautier, Laurent and Ge, Yongchao and Gentry, Jeff and others},
  journal={Genome biology},
  volume={5},
  number={10},
  pages={1},
  year={2004},
  publisher={BioMed Central}
}
